@book{koza92,
		author    = "Koza, John R.",
		title     = "Genetic Programming: On the Programming of Computers by Means of Natural Selection",
		publisher = "MIT Press",
		year      = "1992"
}

@misc{thothv2,
		title={Proyecto THOTH V2 ( simulador de aut{\'o}matas y ma{\'a}quinas de Turing)},
		author={Garc{\'\i}a-Osorio, C{\'e}sar and Jimeno Visitación, Javier and Mediavilla Saiz, {\'I}{\~n}igo},
		year={2007},
		publisher={Trabajo de Fin de Carrera, Univeridad de Burgos
		Escuela Polit{\'e}cnica Superior} 
 }

@misc{mvc,
		title={El patr{\'\o}n Modelo-Vista-Controlador },
		author={ Pav{\'\o}n Mestras, Juan },
		year={2009},
		publisher={Programaci{\'\o}n Orientada a Objetos
		Facultad de Informática, Universidad Complutense Madrid} 
 }