@book{koza92,
		author    = "Koza, John R.",
		title     = "Genetic Programming: On the Programming of Computers by Means of Natural Selection",
		publisher = "MIT Press",
		year      = "1992"
}

@book{aho1986compilers,
  title = "Compilers, Principles, Techniques",
  author = "Aho, Alfred V and Sethi, Ravi and Ullman, Jeffrey D",
  year = "1986",
  publisher = "Addison wesley Boston"
}


@misc{ wiki:latex,
       author = "Wikipedia",
       title = "LaTeX --- Wikipedia{,} La enciclopedia libre",
       year = "2015",
       url = "https://es.wikipedia.org/w/index.php?title=LaTeX&oldid=84209252",
       note = "[Internet; descargado 30-septiembre-2015]"
}

@misc{garcia2007ensenanza,
  title={Ense{\~n}anza asistida de teor{\'\i}a de aut{\'o}matas y lenguajes formales mediante el uso de THOTH},
  author={Garc{\'\i}a-Osorio, C{\'e}sar and Arnaiz-Moreno, Andr{\'e}s and Arnaiz-Gonz{\'a}lez, {\'A}lvar},
  year={2007},
  publisher={XIII Jornadas de Ense{\~n}anza Universitaria de la Inform{\'a}tica,(Jenui 2007)} 
 }

@misc{ ecma:versiones,
       author = "Ecma International",
       title = " Ecma International {,}  dedicated to the standardization of information and communication systems.",
       year = "2017",
       url = "http://www.ecma-international.org/default.htm",
       note = "[ECMAScript]"
}

@article{bortolot2005,
  title={Estimating forest biomass using small footprint LiDAR data: An individual tree-based approach that incorporates training data},
  author={Bortolot, Zachary J and Wynne, Randolph H},
  journal={ISPRS Journal of Photogrammetry and Remote Sensing},
  volume={59},
  number={6},
  pages={342--360},
  year={2005},
  publisher={Elsevier}
}

